<?xml version="1.0" encoding="UTF-8"?><collection xmlns="http://www.loc.gov/MARC21/slim"><record><leader>00439nam--2200133-i-4500</leader><controlfield tag="001">000009552</controlfield><controlfield tag="002">20161230</controlfield><controlfield tag="005">20161230201028</controlfield><controlfield tag="008">060222s1000------------r-----000-0-eng-d</controlfield><datafield ind1=" " ind2=" " tag="100"><subfield code="a">Coudert, Claude</subfield></datafield><datafield ind1=" " ind2=" " tag="245"><subfield code="a">Contribution a l etude de la stabilite des reacteurs refroidis par l eau. these</subfield></datafield><datafield ind1=" " ind2=" " tag="260"><subfield code="a">Aix-marseille, Faculte Des Sciences De L Universite D Aix-marseille, 1969</subfield></datafield><datafield ind1=" " ind2=" " tag="490"><subfield code="a">134p.+ 67 Fig</subfield></datafield><datafield ind1=" " ind2=" " tag="852"><subfield code="a">621.039.532.44:621.039.51</subfield></datafield></record></collection>